@Article{LTHCC07,
  Author         = {Lee, Jang-Won and Tang, Ao and Huang, Jianwei and
                   Chiang, Mung and Calderbank, A. Robert},
  Title          = {Reverse-Engineering {MAC}: A Non-Cooperative Game
                   Model},
  Journal        = ieee_j_jsac,
  Volume         = {25},
  Number         = {6},
  Pages          = {1145-1147},
  month          = aug,
  year           = 2007
}

@Article{LCC07,
  Author         = {Lee, Jang-Won and Chiang, Mung and Calderbank, A. Robert},
  Title          = {Utility-Optimal Random-Access Control},
  Journal        = ieee_j_wcom,
  Volume         = {6},
  Number         = {7},
  Pages          = {2741-2751},
  month          = jul,
  year           = 2007
}

@Article{XSR05,
  Author         = {Yonkang Xiao and Xiuming Shan and Yong Ren},
  Title          = {Game theory models for {IEEE} 802.11 {DCF} in wireless ad hoc networks},
  Journal        = ieee_m_com,
  Volume         = {43},
  Number         = {3},
  Pages          = {S22-S26},
  month          = mar,
  year           = 2005
}

